<record><leader>02890nam a2200361 i 4500</leader><controlfield tag="001">6812798</controlfield><controlfield tag="003">FlBoTFG</controlfield><controlfield tag="005">20150218112339.0</controlfield><controlfield tag="006">m|||||o||d||||||||</controlfield><controlfield tag="007">cr||||</controlfield><controlfield tag="008">150218s2015    nju     o     000 0 eng d</controlfield><datafield ind1=" " ind2=" " tag="020"><subfield code="a">9781498714389 (e-book : PDF)</subfield></datafield><datafield ind1=" " ind2=" " tag="035"><subfield code="a">ocn903245695</subfield></datafield><datafield ind1=" " ind2=" " tag="039"><subfield code="a">exclude</subfield></datafield><datafield ind1=" " ind2=" " tag="040"><subfield code="a">FlBoTFG</subfield><subfield code="b">eng</subfield><subfield code="c">FlBoTFG</subfield><subfield code="e">rda</subfield><subfield code="d">AEU</subfield></datafield><datafield ind1=" " ind2="4" tag="050"><subfield code="a">QP363.5</subfield><subfield code="b">.E58 2015</subfield></datafield><datafield ind1=" " ind2=" " tag="090"><subfield code="a">Internet Access</subfield><subfield code="b">AEU</subfield></datafield><datafield ind1="0" ind2="0" tag="245"><subfield code="a">Environmental hazards and neurodevelopment :</subfield><subfield code="b">where ecology and well-being connect /</subfield><subfield code="c">editor, Cindy Croft.</subfield></datafield><datafield ind1=" " ind2="1" tag="264"><subfield code="a">[Waretown, New Jersey] :</subfield><subfield code="b">[Apple Academic Press, Inc.],</subfield><subfield code="c">[2015]</subfield></datafield><datafield ind1=" " ind2=" " tag="300"><subfield code="a">1 online resource.</subfield></datafield><datafield ind1=" " ind2=" " tag="336"><subfield code="a">text</subfield><subfield code="b">txt</subfield><subfield code="2">rdacontent</subfield></datafield><datafield ind1=" " ind2=" " tag="337"><subfield code="a">computer</subfield><subfield code="b">c</subfield><subfield code="2">rdamedia</subfield></datafield><datafield ind1=" " ind2=" " tag="338"><subfield code="a">online resource</subfield><subfield code="b">cr</subfield><subfield code="2">rdacarrier</subfield></datafield><datafield ind1=" " ind2=" " tag="504"><subfield code="a">Includes bibliographical references and index.</subfield></datafield><datafield ind1="0" ind2=" " tag="505"><subfield code="a">America's children and the environment : neurodevelopmental disorders -- A strategy for comparing the contributions of environmental chemicals and other risk factors to neurodevelopment of children -- Decoding neurodevelopment : findings on environmental exposures and synaptic plasticity -- Seven-year neurodevelopmental scores and prenatal exposure to chlorpyrifos, a common agricultual pesticide -- Fetal and neonatal endocrine disruptors -- A research strategy to discover the environmental causes of autism and neurodevelopmental disabilities -- A key role for an impaired detoxification mechanism in the etiology and severity of autism spectrum disorders -- Assessment of infantile mineral imbalances in autism spectrum disorders (ASDs) -- Urinary porphyrin excretion in neurotypical and autistic children -- B-lymphocytes from a population of children with autism spectrum disorder and their unaffected siblings exhibit hypersensitivity -- Attention deficit/hyperactivity disorder : a focused overview for children's environmental health researchers -- Urinary polycyclic aromatic hydrocarbon metabolites and attention/deficit hyperactivity disorder, learning disability, and special education in U.S. children aged 6 to 15 -- Serum perfluorinated compound concentration and attention deficit/hyperactivity disorder in children 5-18 years of age -- In utero and childhood polybrominated diphenyl ether (PBDE) exposures and neurodevelopment in the Chamacos study -- Taking action on developmental toxicity : scientists' duties to protect children.</subfield></datafield><datafield ind1=" " ind2=" " tag="506"><subfield code="a">Access restricted to authorized users and institutions.</subfield></datafield><datafield ind1=" " ind2=" " tag="596"><subfield code="a">44</subfield></datafield><datafield ind1=" " ind2="0" tag="650"><subfield code="a">Developmental neurobiology.</subfield></datafield><datafield ind1=" " ind2="7" tag="655"><subfield code="a">Electronic books.</subfield><subfield code="2">lcsh</subfield></datafield><datafield ind1="1" ind2=" " tag="700"><subfield code="a">Croft, Cindy,</subfield><subfield code="e">editor.</subfield></datafield><datafield ind1="4" ind2="0" tag="856"><subfield code="3">University of Alberta Access</subfield><subfield code="u">http://marc.crcnetbase.com/isbn/9781498714389</subfield><subfield code="z">(Unlimited Concurrent Users)</subfield></datafield><datafield ind1=" " ind2=" " tag="949"><subfield code="h">UAIN</subfield><subfield code="z">CRC</subfield></datafield><datafield ind1=" " ind2=" " tag="926"><subfield code="a">Internet Access</subfield><subfield code="w">LC</subfield><subfield code="c">1</subfield><subfield code="i">6812798-1001</subfield><subfield code="l">INTERNET</subfield><subfield code="m">UAINTERNET</subfield><subfield code="r">Y</subfield><subfield code="s">Y</subfield><subfield code="t">E-RESOURCE</subfield><subfield code="u">2/26/2015</subfield><subfield code="x">E-BOOK</subfield><subfield code="z">CRC</subfield></datafield></record>